@book{RN4,
   author = {Farrell, Jay A and Polycarpou, Marios M},
   title = {Adaptive approximation based control: unifying neural, fuzzy and traditional adaptive approximation approaches},
   publisher = {John Wiley \& Sons},
   ISBN = {0471781800},
   year = {2006},
   type = {Book}
}

@book{RN10,
   author = {Tao, Gang},
   title = {Adaptive control design and analysis},
   publisher = {John Wiley \& Sons},
   volume = {37},
   ISBN = {0471274526},
   year = {2003},
   type = {Book}
}

@inproceedings{RN60,
   author = {Karason, Steingrimur Pall and Annaswamy, Anuradha M},
   title = {Adaptive control in the presence of input constraints},
   booktitle = {1993 american control conference},
   publisher = {IEEE},
   pages = {1370-1374},
   ISBN = {0780308603},
   year = {1993},
   type = {Conference Proceedings}
}

@article{RN46,
   author = {Esfandiari, K. and Abdollahi, F. and Talebi, H. A.},
   title = {Adaptive control of uncertain nonaffine nonlinear systems with input saturation using neural networks},
   journal = {IEEE Transactions on Neural Networks and Learning Systems},
   volume = {26},
   number = {10},
   pages = {2311-22},
   ISSN = {2162-2388 (Electronic)
2162-237X (Linking)},
   DOI = {10.1109/TNNLS.2014.2378991},
   url = {https://www.ncbi.nlm.nih.gov/pubmed/25532213},
   year = {2015},
   type = {Journal Article}
}

@book{RN6,
   author = {Ioannou, Petros and Fidan, Bariş},
   title = {Adaptive control tutorial},
   publisher = {SIAM},
   ISBN = {0898716152},
   year = {2006},
   type = {Book}
}

@article{RN80,
   author = {Liu, Zhuang and Wu, Chengwei and Shen, Xiaoning and Yao, Weiran and Liu, Jianxing and Wu, Ligang},
   title = {Adaptive Interval Type-2 Fuzzy Neural Network-Based Novel Fixed-Time Backstepping Control for Uncertain Euler-Lagrange Systems},
   journal = {IEEE Transactions on Fuzzy Systems},
   ISSN = {1063-6706},
   year = {2024},
   type = {Journal Article}
}

@article{RN76,
   author = {Ren, B. and Ge, S. S. and Tee, K. P. and Lee, T. H.},
   title = {Adaptive neural control for output feedback nonlinear systems using a barrier Lyapunov function},
   journal = {IEEE Trans Neural Netw},
   volume = {21},
   number = {8},
   pages = {1339-45},
   ISSN = {1941-0093 (Electronic)
1045-9227 (Linking)},
   DOI = {10.1109/TNN.2010.2047115},
   url = {https://www.ncbi.nlm.nih.gov/pubmed/20601313},
   year = {2010},
   type = {Journal Article}
}

@article{RN79,
   author = {Zhang, S. and Dong, Y. and Ouyang, Y. and Yin, Z. and Peng, K.},
   title = {Adaptive Neural Control for Robotic Manipulators With Output Constraints and Uncertainties},
   journal = {IEEE Trans Neural Netw Learn Syst},
   volume = {29},
   number = {11},
   pages = {5554-5564},
   ISSN = {2162-2388 (Electronic)
2162-237X (Linking)},
   DOI = {10.1109/TNNLS.2018.2803827},
   url = {https://www.ncbi.nlm.nih.gov/pubmed/29994076},
   year = {2018},
   type = {Journal Article}
}

@article{RN89,
   author = {He, Wei and Dong, Yiting and Sun, Changyin},
   title = {Adaptive neural impedance control of a robotic manipulator with input saturation},
   journal = {IEEE Transactions on Systems, Man, and Cybernetics: Systems},
   volume = {46},
   number = {3},
   pages = {334-344},
   ISSN = {2168-2216},
   year = {2015},
   type = {Journal Article}
}

@article{RN77,
   author = {Liu, Y. J. and Ma, L. and Liu, L. and Tong, S. and Chen, C. L. P.},
   title = {Adaptive Neural Network Learning Controller Design for a Class of Nonlinear Systems With Time-Varying State Constraints},
   journal = {IEEE Trans Neural Netw Learn Syst},
   volume = {31},
   number = {1},
   pages = {66-75},
   ISSN = {2162-2388 (Electronic)
2162-237X (Linking)},
   DOI = {10.1109/TNNLS.2019.2899589},
   url = {https://www.ncbi.nlm.nih.gov/pubmed/30892241},
   year = {2020},
   type = {Journal Article}
}

@article{RN92,
   author = {Zhao, Feng and Ge, Shuzhi Sam and Tu, Fangwen and Qin, Yechen and Dong, Mingming},
   title = {Adaptive NN control for active suspension system with actuator saturation},
   journal = {IET control theory \& applications},
   volume = {10},
   number = {14},
   pages = {1696-1705},
   ISSN = {1751-8644},
   year = {2016},
   type = {Journal Article}
}

@article{RN64,
   author = {Kim, Sung-Jae and Suh, Jin-Ho},
   title = {Adaptive Robust RBF-NN Nonsingular Terminal Sliding Mode Control Scheme for Application to Snake Robot’s Head for Image Stabilization},
   journal = {Applied Sciences},
   volume = {13},
   number = {8},
   pages = {4899},
   ISSN = {2076-3417},
   DOI = {10.3390/app13084899},
   url = {<Go to ISI>://WOS:000979222000001},
   year = {2023},
   type = {Journal Article}
}

@article{RN66,
   author = {Chen, Mou and Ge, Shuzhi Sam and Ren, Beibei},
   title = {Adaptive tracking control of uncertain MIMO nonlinear systems with input constraints},
   journal = {Automatica},
   volume = {47},
   number = {3},
   pages = {452-465},
   ISSN = {0005-1098},
   year = {2011},
   type = {Journal Article}
}

@inproceedings{RN98,
   author = {Wang, Junxiang and Yu, Fuxun and Chen, Xiang and Zhao, Liang},
   title = {Admm for efficient deep learning with global convergence},
   booktitle = {Proceedings of the 25th ACM SIGKDD International Conference on Knowledge Discovery \& Data Mining},
   pages = {111-119},
   year = {2019},
   type = {Conference Proceedings}
}

@article{RN48,
   author = {Cybenko, George},
   title = {Approximation by superpositions of a sigmoidal function},
   journal = {Mathematics of control, signals and systems},
   volume = {2},
   number = {4},
   pages = {303-314},
   ISSN = {0932-4194},
   year = {1989},
   type = {Journal Article}
}

@inproceedings{RN113,
   author = {Monzen, Niklas and Hackl, Christoph M},
   title = {Artificial neural network based optimal feedforward torque control of electrically excited synchronous machines},
   booktitle = {2023 IEEE 32nd International Symposium on Industrial Electronics (ISIE)},
   publisher = {IEEE},
   pages = {1-8},
   ISBN = {9798350399714},
   year = {2023},
   type = {Conference Proceedings}
}

@article{RN112,
   author = {Buettner, Max A and Monzen, Niklas and Hackl, Christoph M},
   title = {Artificial neural network based optimal feedforward torque control of interior permanent magnet synchronous machines: A feasibility study and comparison with the state-of-the-art},
   journal = {Energies},
   volume = {15},
   number = {5},
   pages = {1838},
   ISSN = {1996-1073},
   year = {2022},
   type = {Journal Article}
}

@article{RN67,
   author = {Tee, Keng Peng and Ge, Shuzhi Sam and Tay, Eng Hock},
   title = {Barrier Lyapunov Functions for the control of output-constrained nonlinear systems},
   journal = {Automatica},
   volume = {45},
   number = {4},
   pages = {918-927},
   ISSN = {00051098},
   DOI = {10.1016/j.automatica.2008.11.017},
   url = {<Go to ISI>://WOS:000265155700008},
   year = {2009},
   type = {Journal Article}
}

@article{RN37,
   author = {Ioffe, Sergey},
   title = {Batch normalization: Accelerating deep network training by reducing internal covariate shift},
   journal = {arXiv preprint arXiv:1502.03167},
   year = {2015},
   type = {Journal Article}
}

@article{RN121,
   author = {Wallace, Brent A and Si, Jennie},
   title = {Continuous-time reinforcement learning control: A review of theoretical results, insights on performance, and needs for new designs},
   journal = {IEEE Transactions on Neural Networks and Learning Systems},
   ISSN = {2162-237X},
   year = {2023},
   type = {Journal Article}
}

@article{RN68,
   author = {Tee, Keng Peng and Ren, Beibei and Ge, Shuzhi Sam},
   title = {Control of nonlinear systems with time-varying output constraints},
   journal = {Automatica},
   volume = {47},
   number = {11},
   pages = {2511-2516},
   ISSN = {00051098},
   DOI = {10.1016/j.automatica.2011.08.044},
   url = {<Go to ISI>://WOS:000296210200025},
   year = {2011},
   type = {Journal Article}
}

@book{RN1,
   author = {Boyd, Stephen and Vandenberghe, Lieven},
   title = {Convex optimization},
   publisher = {Cambridge university press},
   ISBN = {1107394007},
   year = {2004},
   type = {Book}
}

@article{RN19,
   author = {Ge, S. S. and Wang, C.},
   title = {Direct adaptive NN control of a class of nonlinear systems},
   journal = {IEEE Transactions on Neural Networks},
   volume = {13},
   number = {1},
   pages = {214-21},
   ISSN = {1045-9227 (Print)
1045-9227 (Linking)},
   DOI = {10.1109/72.977306},
   url = {https://www.ncbi.nlm.nih.gov/pubmed/18244420},
   year = {2002},
   type = {Journal Article}
}

@article{RN21,
   author = {Zhou, Xingyu and Shen, Heran and Wang, Zejiang and Ahn, Hyunjin and Wang, Junmin},
   title = {Driver-Centric Lane-Keeping Assistance System Design: A Noncertainty-Equivalent Neuro-Adaptive Control Approach},
   journal = {IEEE/ASME Transactions on Mechatronics},
   volume = {28},
   number = {6},
   pages = {3017-3028},
   ISSN = {1083-4435
1941-014X},
   DOI = {10.1109/tmech.2023.3236245},
   url = {<Go to ISI>://WOS:000932799000001},
   year = {2023},
   type = {Journal Article}
}

@article{RN49,
   author = {Sengupta, B. and Friston, K. J. and Penny, W. D.},
   title = {Efficient gradient computation for dynamical models},
   journal = {Neuroimage},
   volume = {98},
   pages = {521-7},
   ISSN = {1095-9572 (Electronic)
1053-8119 (Print)
1053-8119 (Linking)},
   DOI = {10.1016/j.neuroimage.2014.04.040},
   url = {https://www.ncbi.nlm.nih.gov/pubmed/24769182},
   year = {2014},
   type = {Journal Article}
}

@inproceedings{RN116,
   author = {Jhung, Junekyo and Bae, Il and Moon, Jaeyoung and Kim, Taewoo and Kim, Jincheol and Kim, Shiho},
   title = {End-to-end steering controller with CNN-based closed-loop feedback for autonomous vehicles},
   booktitle = {2018 IEEE intelligent vehicles symposium (IV)},
   publisher = {IEEE},
   pages = {617-622},
   ISBN = {1538644525},
   year = {2018},
   type = {Conference Proceedings}
}

@article{RN107,
   author = {Ribeiro, Alexandre M and Moutinho, Alexandra and Fioravanti, André R and de Paiva, Ely C},
   title = {Estimation of tire–road friction for road vehicles: a time delay neural network approach},
   journal = {Journal of the Brazilian Society of Mechanical Sciences and Engineering},
   volume = {42},
   number = {1},
   pages = {4},
   ISSN = {1678-5878},
   year = {2020},
   type = {Journal Article}
}

@article{RN69,
   author = {Yeşildirek, A and Lewis, Frank L},
   title = {Feedback linearization using neural networks},
   journal = {Automatica},
   volume = {31},
   number = {11},
   pages = {1659-1664},
   ISSN = {0005-1098},
   year = {1995},
   type = {Journal Article}
}

@book{RN23,
   author = {Desoer, Charles A and Vidyasagar, Mathukumalli},
   title = {Feedback systems: input-output properties},
   publisher = {SIAM},
   ISBN = {0898716705},
   year = {2009},
   type = {Book}
}

@article{RN99,
   author = {Ye, M. and Gao, G. and Zhong, J. and Qin, Q.},
   title = {Finite-Time Dynamic Tracking Control of Parallel Robots with Uncertainties and Input Saturation},
   journal = {Sensors (Basel)},
   volume = {21},
   number = {9},
   pages = {2996},
   ISSN = {1424-8220 (Electronic)
1424-8220 (Linking)},
   DOI = {10.3390/s21092996},
   url = {https://www.ncbi.nlm.nih.gov/pubmed/33923303},
   year = {2021},
   type = {Journal Article}
}

@article{RN82,
   author = {Peng, Guangzhu and Yang, Chenguang and He, Wei and Chen, CL Philip},
   title = {Force sensorless admittance control with neural learning for robots with actuator saturation},
   journal = {IEEE Transactions on Industrial Electronics},
   volume = {67},
   number = {4},
   pages = {3138-3148},
   ISSN = {0278-0046},
   year = {2019},
   type = {Journal Article}
}

@article{RN90,
   author = {Choi, Kyunghwan and Kim, Jongseok and Park, Ki-Bum},
   title = {Generalized Model Predictive Torque Control of Synchronous Machines},
   journal = {IEEE/ASME Transactions on Mechatronics},
   year = {2024},
   type = {Journal Article}
}

@article{RN16,
   author = {Sheu, Yi-han},
   title = {Illuminating the black box: interpreting deep neural network models for psychiatric research},
   journal = {Frontiers in Psychiatry},
   volume = {11},
   pages = {551299},
   ISSN = {1664-0640},
   year = {2020},
   type = {Journal Article}
}

@article{RN38,
   author = {Ba, Jimmy Lei},
   title = {Layer normalization},
   journal = {arXiv preprint arXiv:1607.06450},
   year = {2016},
   type = {Journal Article}
}

@inproceedings{RN117,
   author = {Rausch, Viktor and Hansen, Andreas and Solowjow, Eugen and Liu, Chang and Kreuzer, Edwin and Hedrick, J Karl},
   title = {Learning a deep neural net policy for end-to-end control of autonomous vehicles},
   booktitle = {2017 American Control Conference (ACC)},
   publisher = {IEEE},
   pages = {4914-4919},
   ISBN = {150905992X},
   year = {2017},
   type = {Conference Proceedings}
}

@article{RN11,
   author = {Griffis, Emily J and Patil, Omkar Sudhir and Bell, Zachary I and Dixon, Warren E},
   title = {Lyapunov-based long short-term memory (Lb-LSTM) neural network-based control},
   journal = {IEEE Control Systems Letters},
   ISSN = {2475-1456},
   year = {2023},
   type = {Journal Article}
}

@article{RN12,
   author = {Hart, Rebecca G and Griffis, Emily J and Patil, Omkar Sudhir and Dixon, Warren E},
   title = {Lyapunov-Based Physics-Informed Long Short-Term Memory (LSTM) Neural Network-Based Adaptive Control},
   journal = {IEEE Control Systems Letters},
   ISSN = {2475-1456},
   year = {2023},
   type = {Journal Article}
}

@article{RN13,
   author = {Patil, Omkar Sudhir and Le, Duc M and Greene, Max L and Dixon, Warren E},
   title = {Lyapunov-derived control and adaptive update laws for inner and outer layer weights of a deep neural network},
   journal = {IEEE Control Systems Letters},
   volume = {6},
   pages = {1855-1860},
   ISSN = {2475-1456},
   year = {2021},
   type = {Journal Article}
}

@book{RN22,
   author = {Bernstein, Dennis S},
   title = {Matrix mathematics: theory, facts, and formulas},
   publisher = {Princeton university press},
   ISBN = {1400833345},
   year = {2009},
   type = {Book}
}

@article{RN114,
   author = {Monzen, Niklas and Stroebl, Florian and Palm, Herbert and Hackl, Christoph M},
   title = {Multi-objective hyperparameter optimization of artificial neural networks for optimal feedforward torque control of synchronous machines},
   journal = {IEEE Open Journal of the Industrial Electronics Society},
   ISSN = {2644-1284},
   year = {2024},
   type = {Journal Article}
}

@article{RN108,
   author = {You, Sesun and Kim, Gwanyeon and Lee, Sangjun and Shin, Donghoon and Kim, Wonhee},
   title = {Neural Approximation-Based Adaptive Control Using Reinforced Gain for Steering Wheel Torque Tracking of Electric Power Steering System},
   journal = {IEEE Transactions on Systems, Man, and Cybernetics: Systems},
   ISSN = {2168-2216},
   year = {2023},
   type = {Journal Article}
}

@inproceedings{RN109,
   author = {Todorovic, Smiljana and Wagner, Andreas and Müller, Sven and Neubeck, Jens},
   title = {Neural Network Based Model for Friction Potential Estimation under Longitudinal and Lateral Excitations},
   booktitle = {Journal of Physics: Conference Series},
   publisher = {IOP Publishing},
   volume = {2234},
   pages = {012005},
   ISBN = {1742-6596},
   year = {2022},
   type = {Conference Proceedings}
}

@article{RN18,
   author = {Gao, Wenzhi and Selmic, Rastko R},
   title = {Neural network control of a class of nonlinear systems with actuator saturation},
   journal = {IEEE Transactions on Neural Networks},
   volume = {17},
   number = {1},
   pages = {147-156},
   ISSN = {1045-9227},
   year = {2006},
   type = {Journal Article}
}

@inproceedings{RN62,
   author = {Evens, Brecht and Latafat, Puya and Themelis, Andreas and Suykens, Johan and Patrinos, Panagiotis},
   title = {Neural Network Training as an Optimal Control Problem:—An Augmented Lagrangian Approach—},
   booktitle = {2021 60th IEEE Conference on Decision and Control (CDC)},
   publisher = {IEEE},
   pages = {5136-5143},
   ISBN = {166543659X},
   year = {2021},
   type = {Conference Proceedings}
}

@book{RN24,
   author = {Esfandiari, Kasra and Abdollahi, Farzaneh and Talebi, Heidar A},
   title = {Neural network-based adaptive control of uncertain nonlinear systems},
   publisher = {Springer},
   ISBN = {3030731359},
   year = {2022},
   type = {Book}
}

@article{RN39,
   author = {Brock, Andrew and Lim, Theodore and Ritchie, James M and Weston, Nick},
   title = {Neural photo editing with introspective adversarial networks},
   journal = {arXiv preprint arXiv:1609.07093},
   year = {2016},
   type = {Journal Article}
}

@article{RN78,
   author = {Yang, T. and Sun, N. and Fang, Y.},
   title = {Neuroadaptive Control for Complicated Underactuated Systems With Simultaneous Output and Velocity Constraints Exerted on Both Actuated and Unactuated States},
   journal = {IEEE Trans Neural Netw Learn Syst},
   volume = {34},
   number = {8},
   pages = {4488-4498},
   ISSN = {2162-2388 (Electronic)
2162-237X (Linking)},
   DOI = {10.1109/TNNLS.2021.3115960},
   url = {https://www.ncbi.nlm.nih.gov/pubmed/34623279},
   year = {2023},
   type = {Journal Article}
}

@book{RN7,
   author = {Krstic, Miroslav and Kokotovic, Petar V and Kanellakopoulos, Ioannis},
   title = {Nonlinear and adaptive control design},
   publisher = {John Wiley \& Sons, Inc.},
   ISBN = {0471127329},
   year = {1995},
   type = {Book}
}

@book{RN124,
   author = {Khalil, H.K.},
   title = {Nonlinear Control},
   publisher = {Pearson},
   ISBN = {9781292060507},
   url = {https://books.google.de/books?id=-WbjoAEACAAJ},
   year = {2014},
   type = {Book}
}

@article{RN81,
   author = {Chen, He and Sun, Ning},
   title = {Nonlinear control of underactuated systems subject to both actuated and unactuated state constraints with experimental verification},
   journal = {IEEE Transactions on Industrial Electronics},
   volume = {67},
   number = {9},
   pages = {7702-7714},
   ISSN = {0278-0046},
   year = {2019},
   type = {Journal Article}
}

@article{RN119,
   author = {Bhasin, Shubhendu and Kamalapurkar, Rushikesh and Johnson, Marcus and Vamvoudakis, Kyriakos G and Lewis, Frank L and Dixon, Warren E},
   title = {A novel actor–critic–identifier architecture for approximate optimal control of uncertain nonlinear systems},
   journal = {Automatica},
   volume = {49},
   number = {1},
   pages = {82-92},
   ISSN = {0005-1098},
   year = {2013},
   type = {Journal Article}
}

@book{RN9,
   author = {Nocedal, Jorge and Wright, Stephen J},
   title = {Numerical optimization},
   publisher = {Springer},
   year = {1999},
   type = {Book}
}

@article{RN87,
   author = {Li, Yongming and Liu, Yanjun and Tong, Shaocheng},
   title = {Observer-based neuro-adaptive optimized control of strict-feedback nonlinear systems with state constraints},
   journal = {IEEE Transactions on Neural Networks and Learning Systems},
   volume = {33},
   number = {7},
   pages = {3131-3145},
   ISSN = {2162-237X},
   year = {2021},
   type = {Journal Article}
}

@article{RN36,
   author = {Wu, Denny and Xu, Ji},
   title = {On the Optimal Weighted $L_2 $ Regularization in Overparameterized Linear Regression},
   journal = {Advances in Neural Information Processing Systems},
   volume = {33},
   pages = {10112-10123},
   year = {2020},
   type = {Journal Article}
}

@article{RN34,
   author = {Lewkowycz, Aitor and Gur-Ari, Guy},
   title = {On the training dynamics of deep networks with $ L_2 $ regularization},
   journal = {Advances in Neural Information Processing Systems},
   volume = {33},
   pages = {4790-4799},
   year = {2020},
   type = {Journal Article}
}

@article{RN120,
   author = {Kiumarsi, Bahare and Vamvoudakis, Kyriakos G and Modares, Hamidreza and Lewis, Frank L},
   title = {Optimal and autonomous control using reinforcement learning: A survey},
   journal = {IEEE transactions on neural networks and learning systems},
   volume = {29},
   number = {6},
   pages = {2042-2062},
   ISSN = {2162-237X},
   year = {2017},
   type = {Journal Article}
}

@article{RN118,
   author = {Shen, Yanan and Mao, Jingfeng and Wu, Aihua and Liu, Runda and Zhang, Kaijian},
   title = {Optimal Slip Ratio Tracking Integral Sliding Mode Control for an EMB System Based on Convolutional Neural Network Online Road Surface Identification},
   journal = {Electronics},
   volume = {11},
   number = {12},
   pages = {1826},
   ISSN = {2079-9292},
   year = {2022},
   type = {Journal Article}
}

@inproceedings{RN102,
   author = {Selmic, Rastko R and Polycarpou, Marios M and Parisini, Thomas},
   title = {Output feedback actuator fault detection in nonlinear systems using neural networks},
   booktitle = {2007 European Control Conference (ECC)},
   publisher = {IEEE},
   pages = {3232-3239},
   ISBN = {3952417386},
   year = {2007},
   type = {Conference Proceedings}
}

@article{RN100,
   author = {Kurdila, A. J. and Narcowich, Francis J. and Ward, Joseph D.},
   title = {Persistency of Excitation in Identification Using Radial Basis Function Approximants},
   journal = {SIAM Journal on Control and Optimization},
   volume = {33},
   number = {2},
   pages = {625-642},
   ISSN = {0363-0129
1095-7138},
   DOI = {10.1137/s0363012992232555},
   url = {<Go to ISI>://WOS:A1995QL45200014},
   year = {1995},
   type = {Journal Article}
}

@article{RN65,
   author = {Rolnick, D and Tegmark, M},
   title = {The power of deeper networks for expressing natural functions.},
   journal = {arXiv preprint arXiv:1705.05502},
   year = {2017},
   type = {Journal Article}
}

@book{RN8,
   author = {Liu, Jinkun},
   title = {Radial Basis Function (RBF) neural network control for mechanical systems: design, analysis and Matlab simulation},
   publisher = {Springer Science \& Business Media},
   ISBN = {3642348165},
   year = {2013},
   type = {Book}
}

@article{RN122,
   author = {Hu, Ruimeng and Lauriere, Mathieu},
   title = {Recent developments in machine learning methods for stochastic control and games},
   journal = {arXiv preprint arXiv:2303.10257},
   year = {2023},
   type = {Journal Article}
}

@inproceedings{RN15,
   author = {Maas, Andrew L and Hannun, Awni Y and Ng, Andrew Y},
   title = {Rectifier nonlinearities improve neural network acoustic models},
   booktitle = {International conference on machine learning},
   publisher = {Atlanta, GA},
   volume = {30},
   pages = {3},
   year = {2013},
   type = {Conference Proceedings}
}

@article{RN88,
   author = {Arefinia, Elaheh and Talebi, Heidar Ali and Doustmohammadi, Ali},
   title = {A robust adaptive model reference impedance control of a robotic manipulator with actuator saturation},
   journal = {IEEE Transactions on Systems, Man, and Cybernetics: Systems},
   volume = {50},
   number = {2},
   pages = {409-420},
   ISSN = {2168-2216},
   year = {2017},
   type = {Journal Article}
}

@article{RN115,
   author = {Wiedemann, Simon and Hackl, Christoph Michael},
   title = {Simultaneous identification of inverter and machine nonlinearities for self-commissioning of electrical synchronous machine drives},
   journal = {IEEE Transactions on Energy Conversion},
   volume = {38},
   number = {3},
   pages = {1767-1780},
   ISSN = {0885-8969},
   year = {2023},
   type = {Journal Article}
}

@article{RN72,
   author = {Vasquez-Plaza, Jesus D. and Scarpetta, Jose M. Ramirez and Hansen, Timothy M. and Tonkoski, Reinaldo and Rengifo, Fabio Andrade},
   title = {Smooth Mathematical Representation of the DER$_A$ Aggregated Model},
   journal = {IEEE Access},
   volume = {11},
   pages = {101398-101408},
   ISSN = {2169-3536},
   DOI = {10.1109/access.2023.3315245},
   url = {<Go to ISI>://WOS:001071730900001},
   year = {2023},
   type = {Journal Article}
}

@inproceedings{RN123,
   author = {Lechner, Mathias and Žikelić, Đorđe and Chatterjee, Krishnendu and Henzinger, Thomas A},
   title = {Stability verification in stochastic control systems via neural network supermartingales},
   booktitle = {Proceedings of the AAAI Conference on Artificial Intelligence},
   volume = {36},
   pages = {7326-7336},
   ISBN = {2374-3468},
   year = {2022},
   type = {Conference Proceedings}
}

@book{RN5,
   author = {Ge, Shuzhi Sam and Hang, Chang C and Lee, Tong H and Zhang, Tao},
   title = {Stable adaptive neural network control},
   publisher = {Springer Science \& Business Media},
   volume = {13},
   ISBN = {1475765770},
   year = {2013},
   type = {Book}
}

@article{RN96,
   author = {Mears, Mark J. and Polycarpou, Marios M.},
   title = {Stable neural control of uncertain multivariable systems},
   journal = {International Journal of Adaptive Control and Signal Processing},
   volume = {17},
   number = {6},
   pages = {447-466},
   ISSN = {0890-6327
1099-1115},
   DOI = {10.1002/acs.761},
   url = {<Go to ISI>://WOS:000184996300005},
   year = {2003},
   type = {Journal Article}
}

@article{RN85,
   author = {Zhang, Y. and Peng, P. Y. and Jiang, Z. P.},
   title = {Stable neural controller design for unknown nonlinear systems using backstepping},
   journal = {IEEE Transactions on Neural Networks},
   volume = {11},
   number = {6},
   pages = {1347-60},
   ISSN = {1045-9227 (Print)
1045-9227 (Linking)},
   DOI = {10.1109/72.883443},
   url = {https://www.ncbi.nlm.nih.gov/pubmed/18249859},
   year = {2000},
   type = {Journal Article}
}

@article{RN95,
   author = {Esfandiari, K and Abdollahi, F and Talebi, HA},
   title = {A stable nonlinear in parameter neural network controller for a class of saturated nonlinear systems},
   journal = {International Federation of Automatic Control Proceedings Volumes (IFAC)},
   volume = {47},
   number = {3},
   pages = {2533-2538},
   ISSN = {1474-6670},
   year = {2014},
   type = {Journal Article}
}

@article{RN71,
   author = {Kim, Sung-Jae and Jin, Maolin and Suh, Jin-Ho},
   title = {A Study on the Design of Error-Based Adaptive Robust RBF Neural Network Back-Stepping Controller for 2-DOF Snake Robot’s Head},
   journal = {IEEE Access},
   volume = {11},
   pages = {23146-23156},
   ISSN = {2169-3536},
   DOI = {10.1109/access.2023.3249346},
   url = {<Go to ISI>://WOS:000952555700001},
   year = {2023},
   type = {Journal Article}
}

@inproceedings{RN94,
   author = {Taylor, Gavin and Burmeister, Ryan and Xu, Zheng and Singh, Bharat and Patel, Ankit and Goldstein, Tom},
   title = {Training neural networks without gradients: A scalable admm approach},
   booktitle = {International conference on machine learning},
   publisher = {PMLR},
   pages = {2722-2731},
   year = {2016},
   type = {Conference Proceedings}
}

@inproceedings{RN33,
   author = {Markus, Elisha D and Agee, John T and Jimoh, Adisa A},
   title = {Trajectory control of a two-link robot manipulator in the presence of gravity and friction},
   booktitle = {2013 Africon},
   publisher = {IEEE},
   pages = {1-5},
   ISBN = {1467359432},
   year = {2013},
   type = {Conference Proceedings}
}

@article{RN43,
   author = {Barron, Andrew R},
   title = {Universal approximation bounds for superpositions of a sigmoidal function},
   journal = {IEEE Transactions on Information theory},
   volume = {39},
   number = {3},
   pages = {930-945},
   ISSN = {0018-9448},
   year = {1993},
   type = {Journal Article}
}

@inproceedings{RN70,
   author = {Kidger, Patrick and Lyons, Terry},
   title = {Universal approximation with deep narrow networks},
   booktitle = {Conference on learning theory},
   publisher = {PMLR},
   pages = {2306-2327},
   ISBN = {2640-3498},
   year = {2020},
   type = {Conference Proceedings}
}

@article{RN35,
   author = {Salimans, Tim and Kingma, Durk P},
   title = {Weight normalization: A simple reparameterization to accelerate training of deep neural networks},
   journal = {Advances in Neural Information Processing Systems},
   volume = {29},
   year = {2016},
   type = {Journal Article}
}

@article{RN17,
   author = {Rudin, Cynthia and Radin, Joanna},
   title = {Why are we using black box models in AI when we don’t need to? A lesson from an explainable AI competition},
   journal = {Harvard Data Science Review},
   volume = {1},
   number = {2},
   pages = {1-9},
   year = {2019},
   type = {Journal Article}
}

